<?xml version="1.0" encoding="UTF-8"?><collection xmlns="http://www.loc.gov/MARC21/slim"><record><leader>00482nam--2200181-i-4500</leader><controlfield tag="001">000007146</controlfield><controlfield tag="002">20161230</controlfield><controlfield tag="005">20161230201027</controlfield><controlfield tag="008">060222s1000------------r-----000-0-fre-d</controlfield><datafield ind1=" " ind2=" " tag="040"><subfield code="a">IFIN-HH</subfield></datafield><datafield ind1=" " ind2=" " tag="041"><subfield code="a">fre</subfield></datafield><datafield ind1=" " ind2=" " tag="080"><subfield code="a">517.43(076)</subfield></datafield><datafield ind1="1" ind2=" " tag="100"><subfield code="a">Desbazeille, G</subfield></datafield><datafield ind1="1" ind2="0" tag="245"><subfield code="a">Exercices et problemes de recherche operationnelle</subfield><subfield code="b">Preface de r.faure</subfield><subfield code="c">G. desbazeille</subfield></datafield><datafield ind1=" " ind2=" " tag="260"><subfield code="a">Paris</subfield><subfield code="b">Dunod</subfield><subfield code="c">1964</subfield></datafield><datafield ind1=" " ind2=" " tag="300"><subfield code="a">X+350P</subfield></datafield><datafield ind1=" " ind2=" " tag="852"><subfield code="a">21657</subfield><subfield code="c">519.283</subfield></datafield><datafield ind1=" " ind2=" " tag="CAT"><subfield code="a">Sys</subfield><subfield code="c">20130807</subfield><subfield code="h">112234</subfield></datafield></record></collection>